@misc{anyrun,
  title        = {{ANY.RUN - Interactive Malware Analysis Service}},
  author       = {{ANY.RUN Team}},
  year         = {2025},
  howpublished = {\url{https://any.run}},
  note         = {Accessed: 2025-05-13}
}

@misc{triage,
  title        = {{Triage – Malware sandbox by Hatching}},
  author       = {{Hatching}},
  year         = {2025},
  howpublished = {\url{https://tria.ge}},
  note         = {Accessed: 2025-05-13}
}

@misc{cape,
  title        = {{CAPE Sandbox GitHub Repository}},
  author       = {{Kevin O’Reilly and contributors}},
  year         = {2022},
  howpublished = {\url{https://github.com/kevoreilly/CAPEv2}},
  note         = {Accessed: 2025-05-13}
}

@misc{strace,
  title        = {{strace: Diagnostic, debugging and instructional userspace utility}},
  author       = {{strace developers}},
  year         = {2025},
  howpublished = {\url{https://strace.io}},
  note         = {Accessed: 2025-05-13}
}

@misc{procmon,
  title        = {{Process Monitor - Windows Sysinternals}},
  author       = {{Mark Russinovich}},
  year         = {2025},
  howpublished = {\url{https://docs.microsoft.com/sysinternals/downloads/procmon}},
  note         = {Accessed: 2025-05-13}
}

@misc{mitmproxy,
  title        = {{mitmproxy - An interactive HTTPS proxy}},
  author       = {{mitmproxy Project}},
  year         = {2025},
  howpublished = {\url{https://mitmproxy.org}},
  note         = {Accessed: 2025-05-13}
}

@misc{novnc,
  title        = {{noVNC - VNC client using HTML5 (WebSockets, Canvas)}},
  author       = {{Joel Martin and contributors}},
  year         = {2025},
  howpublished = {\url{https://github.com/novnc/noVNC}},
  note         = {Accessed: 2025-05-13}
}

@misc{wireshark,
  title        = {{Wireshark: The World's Most Popular Network Protocol Analyzer}},
  author       = {{Wireshark Foundation}},
  year         = {2025},
  howpublished = {\url{https://www.wireshark.org}},
  note         = {Accessed: 2025-05-13}
}

@misc{nextjs,
  title        = {{Next.js: The React Framework for Production}},
  author       = {{Vercel}},
  year         = {2025},
  howpublished = {\url{https://nextjs.org}},
  note         = {Accessed: 2025-05-13}
}
